
@online{NLP-CS-25,
  author    = {Kaggle},
  title     = {NLP - CS - 2024/25},
  year      = {2025},
  url       = {https://www.kaggle.com/competitions/nlp-cs-2024-25/leaderboard},
  urldate   = {2025-02-25}
}

@inproceedings{cavnar1994n,
    title={N-gram-based text categorization},
    author={Cavnar, William B and Trenkle, John M},
    booktitle={Proceedings of the Third Annual Symposium on Document Analysis and Information Retrieval},
    pages={161--175},
    year={1994}
}

@article{baldwin2010language,
    title={Language identification: The long and the short of the matter},
    author={Baldwin, Timothy and Lui, Marco},
    journal={Human Language Technologies: The 2010 Annual Conference of the North American Chapter of the ACL},
    pages={229--237},
    year={2010}
}

@article{devlin2019bert,
    title={BERT: Pre-training of Deep Bidirectional Transformers for Language Understanding},
    author={Devlin, Jacob and Chang, Ming-Wei and Lee, Kenton and Toutanova, Kristina},
    journal={Proceedings of NAACL-HLT 2019},
    pages={4171--4186},
    year={2019}
}

@article{joulin2017bag,
    title={Bag of Tricks for Efficient Text Classification},
    author={Joulin, Armand and Grave, Edouard and Bojanowski, Piotr and Mikolov, Tomas},
    journal={Proceedings of the 15th Conference of the European Chapter of the Association for Computational Linguistics},
    pages={427--431},
    year={2017}
}

@article{conneau2020unsupervised,
    title={Unsupervised Cross-lingual Representation Learning at Scale},
    author={Conneau, Alexis and Khandelwal, Kartikay and Goyal, Naman and Chaudhary, Vishrav and Wenzek, Guillaume and Guzm{\'a}n, Francisco and Grave, Edouard and Ott, Myle and Zettlemoyer, Luke and Stoyanov, Veselin},
    journal={Proceedings of the 58th Annual Meeting of the Association for Computational Linguistics},
    pages={8440--8451},
    year={2020}
}